<record><leader>00000cas a22000007a 4500</leader><controlfield tag="001">15798317</controlfield><controlfield tag="008">870602d18751875iauwr ne      0    0eng d</controlfield><datafield ind1=" " ind2=" " tag="010"><subfield code="a">sn 87058247 </subfield></datafield><datafield ind1=" " ind2=" " tag="040"><subfield code="a">INP</subfield><subfield code="b">eng</subfield><subfield code="c">INP</subfield><subfield code="d">OCLCQ</subfield></datafield><datafield ind1=" " ind2=" " tag="042"><subfield code="a">msc</subfield></datafield><datafield ind1="0" ind2=" " tag="130"><subfield code="a">Nonpareil (Columbus City, Iowa)</subfield></datafield><datafield ind1="1" ind2="4" tag="245"><subfield code="a">The nonpareil.</subfield></datafield><datafield ind1="1" ind2="3" tag="246"><subfield code="a">Columbus nonpareil</subfield></datafield><datafield ind1=" " ind2=" " tag="260"><subfield code="a">Columbus City, Iowa :</subfield><subfield code="b">Hickok &amp; Miller,</subfield><subfield code="c">1875.</subfield></datafield><datafield ind1=" " ind2=" " tag="300"><subfield code="a">1 v.</subfield></datafield><datafield ind1=" " ind2=" " tag="310"><subfield code="a">Weekly</subfield></datafield><datafield ind1="0" ind2=" " tag="362"><subfield code="a">Vol. 1, no. 1 (Apr. 8, 1875)-v. 1, no. 36 (Dec. 15, 1875).</subfield></datafield><datafield ind1=" " ind2=" " tag="500"><subfield code="a">Publisher varies.</subfield></datafield><datafield ind1=" " ind2=" " tag="752"><subfield code="a">United States</subfield><subfield code="b">Iowa</subfield><subfield code="c">Louisa</subfield><subfield code="d">Columbus City.</subfield></datafield><datafield ind1="0" ind2="0" tag="785"><subfield code="t">Columbus nonpareil</subfield><subfield code="w">(DLC)sn 84038078</subfield></datafield></record>